% Encoding: UTF-8

@Article{Johann_2017,
  author       = {Sven Johann},
  date         = {16/01/2017},
  journaltitle = {IEEE Software},
  title        = {Kief Morris on Infrastructure as code},
  doi          = {10.1109/MS.2017.13},
  issn         = {1937-4194},
  number       = {1},
  pages        = {117--120},
  volume       = {34},
  publisher    = {Institute of Electrical and Electronics Engineers (IEEE)},
}

@Article{Guerriero_2019,
  author    = {Guerriero, MIchele and Garriga, Martin and Tamburri, Damian A. and Palomba, Fabio},
  date      = {2019-09},
  title     = {Adoption, Support, and Challenges of Infrastructure-as-Code: Insights from Industry},
  doi       = {https://doi.org/10.1109/icsme.2019.00092},
  booktitle = {2019 IEEE International Conference on Software Maintenance and Evolution (ICSME)},
  publisher = {IEEE},
}

@Thesis{Gurbatov_2022,
  author      = {Gleb Gurbatov},
  date        = {May 2022},
  institution = {Blekinge Institute of Technology},
  title       = {A comparison between Terraform andAnsible on their impact upon the lifecycleand security management for modifiablecloud infrastructures in OpenStack.},
  type        = {mathesis},
}

@Book{Geerling_2020,
  author    = {Geerling, Jeff},
  date      = {2020},
  title     = {Ansible for DevOps},
  edition   = {2nd edition},
  isbn      = {9780986393426},
  location  = {[Victoria, British Columbia]},
  note      = {Gedruckte Ausgabe eines fortlaufend aktualisierten E-Books},
  pagetotal = {452},
  publisher = {Leanpub},
  subtitle  = {Server and configuration management for humans},
  ppn_gvk   = {1772419664},
}

@WWW{Ninawe_2023,
  author = {Sumeet Ninawe},
  date   = {2023-10-27},
  editor = {Spacelift},
  title  = {Terraform vs. Ansible : Key Differences and Comparison of Tools},
  url    = {ttps://spacelift.io/blog/ansible-vs-terraform},
}

@Comment{jabref-meta: databaseType:biblatex;}
